% drizzlepac citation
@INPROCEEDINGS{betadrizzle,
   author = {{Fruchter}, A.~S. and {et al.}},
    title = "{BetaDrizzle: A Redesign of the MultiDrizzle Package}",
 keywords = {betadrizzle, drizzlepac, astrodrizzle, drizzle, dither},
booktitle = {2010 Space Telescope Science Institute Calibration Workshop, p. 382-387},
     year = 2010,
    month = jul,
    pages = {382-387},
   adsurl = {http://adsabs.harvard.edu/abs/2010bdrz.conf..382F},
  adsnote = {Provided by the SAO/NASA Astrophysics Data System}
}

% The original drizzle paper
@INPROCEEDINGS{drizzle,
   author = {{Fruchter}, A. and {Hook}, R.~N.},
    title = "{Novel image reconstruction method applied to deep Hubble space telescope images}",
booktitle = {Applications of Digital Image Processing XX},
     year = 1997,
   volume = 3164,
   eprint = {astro-ph/9708242},
   editor = {{Tescher}, A.~G.},
    month = oct,
    pages = {120-125},
   adsurl = {http://adsabs.harvard.edu/abs/1997SPIE.3164..120F},
  adsnote = {Provided by the SAO/NASA Astrophysics Data System}
}

% mount rainier paper
@inproceedings{rainier,
  title={Seeing Mt. Rainier: Lucky imaging for multi-image denoising, sharpening, and haze removal},
  author={Joshi, Neel and Cohen, Michael F},
  booktitle={Computational Photography (ICCP), 2010 IEEE International Conference on},
  pages={1--8},
  year={2010},
  organization={IEEE}
}

% original paper on lucky imaging
@article{law2007lucky,
  title={Lucky imaging: diffraction-limited astronomy from the ground in the visible},
  author={Law, Nicholas Michael},
  journal={The Observatory},
  volume={127},
  pages={71--71},
  year={2007}
}

% sutherland hodgman clipping
@article{Sutherland:1974:RPC:360767.360802,
 author = {Sutherland, Ivan E. and Hodgman, Gary W.},
 title = {Reentrant Polygon Clipping},
 journal = {Commun. ACM},
 issue_date = {Jan. 1974},
 volume = {17},
 number = {1},
 month = jan,
 year = {1974},
 issn = {0001-0782},
 pages = {32--42},
 numpages = {11},
 url = {http://doi.acm.org/10.1145/360767.360802},
 doi = {10.1145/360767.360802},
 acmid = {360802},
 publisher = {ACM},
 address = {New York, NY, USA},
 keywords = {clipping, computer graphics, hidden-suface},
} 

% shoelace formula
@book{meister1769generalia,
  title={Generalia de genesi figurarum planarum et inde pendentibus earum affectionibus},
  author={Meister, A.L.F.},
  year={1769}
}

% convex hull
@article{Jarvis197318,
title = "On the identification of the convex hull of a finite set of points in the plane ",
journal = "Information Processing Letters ",
volume = "2",
number = "1",
pages = "18 - 21",
year = "1973",
note = "",
issn = "0020-0190",
doi = "http://dx.doi.org/10.1016/0020-0190(73)90020-3",
url = "http://www.sciencedirect.com/science/article/pii/0020019073900203",
author = "R.A. Jarvis",
keywords = "convex hull",
keywords = "algorithm "
}

@electronic{FWHM,
 authors   = "Weisstein, Eric W",
 title     = "Full Width at Half Maximum",
 url       = "http://mathworld.wolfram.com/FullWidthatHalfMaximum.html"
}

@electronic{lfcspecs,
 authors   = "Palomar Observatory",
 title     = "Large Format Camera Technical Specifications",
 url       = "http://www.astro.caltech.edu/palomar/observer/200inchResources/lfcspecs.html"
}

@article{strehl,
  title={Aplanatische und fehlerhafte Abbildung im Fernrohr},
  author={Strehl, K},
  journal={Zeitschrift f{\"u}r Instrumentenkunde},
  volume={15},
  pages={362--370},
  year={1895}
}

@book{copernicus,
  title={De Revolutionibus orbium coelestium},
  author={Copernicus, Nicolaus},
  year={1543}
}


@inproceedings{SIFT,
  title={Object recognition from local scale-invariant features},
  author={Lowe, David G},
  booktitle={Computer vision, 1999. The proceedings of the seventh IEEE international conference on},
  volume={2},
  pages={1150--1157},
  year={1999},
  organization={Ieee}
}

@article{opencv_library,
    author = {Bradski, G.},
    citeulike-article-id = {2236121},
    journal = {Dr. Dobb's Journal of Software Tools},
    keywords = {bibtex-import},
    posted-at = {2008-01-15 19:21:54},
    priority = {4},
    title = {The OpenCV Library},
    year = {2000}
}

@inproceedings{lanczos,
  title={Lanczos resampling for the digital processing of remotely sensed images},
  author={Madhukar, BN and Narendra, R},
  booktitle={Proceedings of International Conference on VLSI, Communication, Advanced Devices, Signals \& Systems and Networking (VCASAN-2013)},
  pages={403--411},
  year={2013},
  organization={Springer}
}

@inproceedings{tody1993iraf,
  title={IRAF in the Nineties},
  author={Tody, Doug},
  booktitle={Astronomical Data Analysis Software and Systems II},
  volume={52},
  pages={173},
  year={1993}
}
